@String{lncs = {Lecture Notes in Computer Science}}
@String{procecoop = {Proceedings of the European Conference on
    Object-Oriented Programming ({ECOOP})}}

@article{chen-2021-copilot,
    title={Evaluating Large Language Models Trained on Code},
    author={Mark Chen and Jerry Tworek and Heewoo Jun and Qiming Yuan and
        Henrique Ponde de Oliveira Pinto and Jared Kaplan and Harri Edwards and 
        Yuri Burda and Nicholas Joseph and Greg Brockman and Alex Ray and 
        Raul Puri and Gretchen Krueger and Michael Petrov and Heidy Khlaaf and 
        Girish Sastry and Pamela Mishkin and Brooke Chan and Scott Gray and 
        Nick Ryder and Mikhail Pavlov and Alethea Power and Lukasz Kaiser and 
        Mohammad Bavarian and Clemens Winter and Philippe Tillet and 
        Felipe Petroski Such and Dave Cummings and Matthias Plappert and 
        Fotios Chantzis and Elizabeth Barnes and Ariel Herbert-Voss and 
        William Hebgen Guss and Alex Nichol and Alex Paino and Nikolas Tezak and 
        Jie Tang and Igor Babuschkin and Suchir Balaji and Shantanu Jain and 
        William Saunders and Christopher Hesse and Andrew N. Carr and 
        Jan Leike and Josh Achiam and Vedant Misra and Evan Morikawa and 
        Alec Radford and Matthew Knight and Miles Brundage and Mira Murati and 
        Katie Mayer and Peter Welinder and Bob McGrew and Dario Amodei and 
        Sam McCandlish and Ilya Sutskever and Wojciech Zaremba},
    year={2021},
    eprint={2107.03374},
    archivePrefix={arXiv},
    primaryClass={cs.LG}
}

@article{reps-1983-context,
    author = {Reps, Thomas and Teitelbaum, Tim and Demers, Alan},
    title = {Incremental Context-Dependent Analysis for Language-Based Editors},
    year = {1983},
    issue_date = {July 1983},
    publisher = {Association for Computing Machinery},
    address = {New York, NY, USA},
    volume = {5},
    number = {3},
    issn = {0164-0925},
    url = {https://doi.org/10.1145/2166.357218},
    doi = {10.1145/2166.357218},
    journal = {ACM Trans. Program. Lang. Syst.},
    month = {jul},
    pages = {449–477},
    numpages = {29}
}

@inproceedings{latoza-2006-mental-models,
    author = {LaToza, Thomas D. and Venolia, Gina and DeLine, Robert},
    title = {Maintaining Mental Models: A Study of Developer Work Habits},
    year = {2006},
    isbn = {1595933751},
    publisher = {Association for Computing Machinery},
    address = {New York, NY, USA},
    url = {https://doi.org/10.1145/1134285.1134355},
    doi = {10.1145/1134285.1134355},
    booktitle = {Proceedings of the 28th International Conference on Software Engineering},
    pages = {492–501},
    numpages = {10},
    keywords = {code duplication, agile software development, interruptions, debugging, communication, code ownership},
    location = {Shanghai, China},
    series = {ICSE '06}
}

@INPROCEEDINGS{latoza-2010-reach,
    author={LaToza, Thomas D. and Myers, Brad A.},
    booktitle={2010 ACM/IEEE 32nd International Conference on Software Engineering}, 
    title={Developers ask reachability questions}, 
    year={2010},
    volume={1},
    number={},
    pages={185-194},
    doi={10.1145/1806799.1806829}
}

@article{potvin-2016-google,
    Title	= {Why Google Stores Billions of Lines of Code in a Single Repository},
    Author	= {Rachel Potvin and Josh Levenberg},
    Year	= {2016},
    URL	= {http://dl.acm.org/citation.cfm?id=2854146},
    Journal	= {Communications of the ACM},
    Pages	= {78-87},
    Volume	= {59}
}

@book{feiler-2006-ulss,
    title = {Ultra-Large-Scale Systems: The Software Challenge of the Future},
    author={Peter Feiler and Kevin Sullivan and Kurt Wallnau and Richard 
        Gabriel and John Goodenough and Richard Linger and Thomas Longstaff 
        and Rick Kazman and Mark Klein and Linda Northrop and Douglas Schmidt},
    year={2006},
    publisher={Software Engineering Institute, Carnegie Mellon University},
}

@inproceedings{fritz-2010-info-frag,
    author = {Fritz, Thomas and Murphy, Gail C.},
    title = {Using Information Fragments to Answer the Questions Developers Ask},
    year = {2010},
    isbn = {9781605587196},
    publisher = {Association for Computing Machinery},
    address = {New York, NY, USA},
    url = {https://doi.org/10.1145/1806799.1806828},
    doi = {10.1145/1806799.1806828},
    booktitle = {Proceedings of the 32nd ACM/IEEE International Conference on Software Engineering - Volume 1},
    pages = {175–184},
    numpages = {10},
    keywords = {programming tools, information fragments, human-centric software engineering},
    location = {Cape Town, South Africa},
    series = {ICSE '10}
}

@inproceedings{sillito-2006-questions-during-task,
    author = {Sillito, Jonathan and Murphy, Gail C. and De Volder, Kris},
    title = {Questions Programmers Ask during Software Evolution Tasks},
    year = {2006},
    isbn = {1595934685},
    publisher = {Association for Computing Machinery},
    address = {New York, NY, USA},
    url = {https://doi.org/10.1145/1181775.1181779},
    doi = {10.1145/1181775.1181779},
    booktitle = {Proceedings of the 14th ACM SIGSOFT International Symposium on Foundations of Software Engineering},
    pages = {23–34},
    numpages = {12},
    keywords = {change tasks, empirical study, grounded theory, software evolution, program comprehension, development tools},
    location = {Portland, Oregon, USA},
    series = {SIGSOFT '06/FSE-14}
}

@techreport{barnett-2014-get,
    title={Get me here: Using verification tools to answer developer questions},
    author={Barnett, Mike and DeLine, Robert and Lal, Akash and Qadeer, Shaz},
    year={2014},
    institution={Technical Report MSR-TR-2014-10}
}

@inproceedings{ko-2004-whyline,
    author = {Ko, Amy J. and Myers, Brad A.},
    title = {Designing the Whyline: A Debugging Interface for Asking Questions about Program Behavior},
    year = {2004},
    isbn = {1581137028},
    publisher = {Association for Computing Machinery},
    address = {New York, NY, USA},
    url = {https://doi.org/10.1145/985692.985712},
    doi = {10.1145/985692.985712},
    booktitle = {Proceedings of the SIGCHI Conference on Human Factors in Computing Systems},
    pages = {151–158},
    numpages = {8},
    keywords = {Alice, program slicing, debugging},
    location = {Vienna, Austria},
    series = {CHI '04}
}

@inproceedings{ko-2009-java-whyline,
    author = {Ko, Amy J. and Myers, Brad A.},
    title = {Finding Causes of Program Output with the Java Whyline},
    year = {2009},
    isbn = {9781605582467},
    publisher = {Association for Computing Machinery},
    address = {New York, NY, USA},
    url = {https://doi.org/10.1145/1518701.1518942},
    doi = {10.1145/1518701.1518942},
    booktitle = {Proceedings of the SIGCHI Conference on Human Factors in Computing Systems},
    pages = {1569–1578},
    numpages = {10},
    keywords = {slicing, debugging, instrumentation, whyline},
    location = {Boston, MA, USA},
    series = {CHI '09}
}

@Article{toleman-98-soft-tools,
   author={Toleman, Mark A.
   and Welsh, Jim},
   title={Systematic evaluation of design choices for software development tools},
   journal={Software - Concepts {\&} Tools},
   year={1998},
   month={Mar},
   day={01},
   volume={19},
   number={3},
   pages={109-121},
   issn={1432-2188},
   doi={10.1007/s003780050014},
   url={https://doi.org/10.1007/s003780050014}
}

@InProceedings{roehm-2012-comprehend-software,
   author={Roehm, Tobias and Tiarks, Rebecca and Koschke, Rainer and Maalej, Walid},
   booktitle={2012 34th International Conference on Software Engineering (ICSE)}, 
   title={How do professional developers comprehend software?}, 
   year={2012},
   volume={},
   number={},
   pages={255-265},
   doi={10.1109/ICSE.2012.6227188}
}

@inproceedings{latoza-2010-hard-questions,
   author = {LaToza, Thomas D. and Myers, Brad A.},
   title = {Hard-to-Answer Questions about Code},
   year = {2010},
   isbn = {9781450305471},
   publisher = {Association for Computing Machinery},
   address = {New York, NY, USA},
   url = {https://doi.org/10.1145/1937117.1937125},
   doi = {10.1145/1937117.1937125},
   booktitle = {Evaluation and Usability of Programming Languages and Tools},
   articleno = {8},
   numpages = {6},
   keywords = {program comprehension, developer questions},
   location = {Reno, Nevada},
   series = {PLATEAU '10}
}

@online{so-2021-dev-survey, 
  title   = {{Stack Overflow Developer Survey 2021}},
  year = 2021,
	url = {https://insights.stackoverflow.com/survey/2021\#technology},
  note = "Accessed December 4, 2021"
}

@online{jetbrains-2021-dev-survey, 
  title   = {{The State of Developer Ecosystem 2021}},
  year = 2021,
	url = {https://www.jetbrains.com/lp/devecosystem-2021/},
  note = "Accessed December 4, 2021"
}

@inproceedings{gousios-2016-work-practices,
    author = {Gousios, Georgios and Storey, Margaret-Anne and Bacchelli, Alberto},
    title = {Work Practices and Challenges in Pull-Based Development: The Contributor's Perspective},
    year = {2016},
    isbn = {9781450339001},
    publisher = {Association for Computing Machinery},
    address = {New York, NY, USA},
    url = {https://doi.org/10.1145/2884781.2884826},
    doi = {10.1145/2884781.2884826},
    booktitle = {Proceedings of the 38th International Conference on Software Engineering},
    pages = {285–296},
    numpages = {12},
    keywords = {GitHub, distributed software development, pull request, pull-based development, open source contribution},
    location = {Austin, Texas},
    series = {ICSE '16}
}

@INPROCEEDINGS{ko-2005-eliciting-design,
  author={Ko, A.J. and Htet Htet Aung and Myers, B.A.},
  booktitle={Proceedings. 27th International Conference on Software Engineering, 2005. ICSE 2005.}, 
  title={Eliciting design requirements for maintenance-oriented IDEs: a detailed study of corrective and perfective maintenance tasks}, 
  year={2005},
  pages={126-135},
  doi={10.1109/ICSE.2005.1553555}
}

@ARTICLE{meyer-2017-work-life,
  author={Meyer, André N. and Barton, Laura E. and Murphy, Gail C. and Zimmermann, Thomas and Fritz, Thomas},
  journal={IEEE Transactions on Software Engineering}, 
  title={The Work Life of Developers: Activities, Switches and Perceived Productivity}, 
  year={2017},
  volume={43},
  number={12},
  pages={1178-1193},
  doi={10.1109/TSE.2017.2656886}
}

@inproceedings{bragdon-2010-code-bubbles,
  author = {Bragdon, Andrew and Reiss, Steven P. and Zeleznik, Robert and 
            Karumuri, Suman and Cheung, William and Kaplan, Joshua and Coleman,
            Christopher and Adeputra, Ferdi and LaViola, Joseph J.},
  title = {Code Bubbles: Rethinking the User Interface Paradigm of Integrated 
           Development Environments},
  year = {2010},
  isbn = {9781605587196},
  publisher = {Association for Computing Machinery},
  address = {New York, NY, USA},
  url = {https://doi.org/10.1145/1806799.1806866},
  doi = {10.1145/1806799.1806866},
  booktitle = {Proceedings of the 32nd ACM/IEEE International Conference on Software Engineering - Volume 1},
  pages = {455–464},
  numpages = {10},
  keywords = {source code, bubbles, debugging, concurrent views, working set, human factors, integrated development environments, navigation},
  location = {Cape Town, South Africa},
  series = {ICSE '10}
}

@Book{lamport-1994-ladps,
    author =	{Lamport, Leslie},
    title =	{\LaTeX: A Document Preparation System},
    booktitle =	{\LaTeX: A Document Preparation System},
    year =	1994,
    edition =	2,
    publisher =	{Addison-Wesley},
    isbn =	0201529831,
}

@Book{bringhurst-2002-teots,
    author =	{Bringhurst, Robert},
    title =	{The Elements of Typographic Style},
    booktitle =	{The Elements of Typographic Style},
    year =	2002,
    edition =	{2.5},
    publisher =	{Hartley \& Marks},
    isbn =	0881791326,
}

@InProceedings{kiczales-1997-aop,
    author =    {Kiczales, Gregor and Lamping, John and
		    Mendhekar, Anurag and Maeda, Chris and
		    Lopes, Cristina and Loingtier, Jean-Marc
		    and Irwin, John},
    title =     {Aspect-Oriented Programming},
    booktitle = procecoop,
    year =	1997,
    series =    lncs,
    volume =    2591,
    pages =     {220--242},
    keywords =  {aop, aspect-oriented programming},
    online =	{http://www.parc.xerox.com/csl/groups/sda/pubs/papers/Kiczal
es-ECOOP97/for-web.pdf},
}

@Book{rowling-1997-hpps,
    author =	{Rowling, Joanna K.},
    title =	{Harry Potter and the Philospher's Stone},
    year =	1997,
    publisher =	{Bloomsbury},
    isbn =	0747532699,
}

